@article{pew2022,
    author  = "EMILY A. VOGELS, RISA GELLES-WATNICK",
    title   = "Teens and social media: Key findings from Pew Research Center surveys",
    year    = "2022"
}
@article{pew2012,
    author = "MARY MADDEN, AMANDA LENHART, MAEVE DUGGAN, AARON SMITH",
    title = "Teens, Social Media, and Privacy",
    year = "2012"
}
@article{cyberology,
    author = "carolyn Freeman",
    title = "Who is more trusting? People with a private or public profile?",
    year = "2020"
}
@article{guillem,
    author = "Guillem Recolons ",
    title = "Advantages and disadvantages of private profiles on social networks",
    year = "2023"
}

@misc{istorija,
title   =  "Kratka istorija racunara",
url     =  "https://www.digitalnimarketing.in.rs",
author  =  "TanaskoviÄ‡ Aleksandar"
}