



https://www.researchgate.net/publication/326700354_Brute-force_and_dictionary_attack_on_hashed_real-world_passwords

@misc{zene,
  author       = {David Klein},
  title        = {https://www.occrp.org/en/daily/15343-report-minorities-and-women-are-more-likely-victims-of-cyber-crime},
  url          = {https://www.occrp.org/en/daily/15343-report-minorities-and-women-are-more-likely-victims-of-cyber-crime}
}

@misc{zene2,
  author       = {Ryan Morris-Reade},
  title        = {https://itbrief.co.nz/story/women-and-bame-individuals-bear-the-brunt-of-cyber-attacks-malwarebytes-research},
  url          = {https://itbrief.co.nz/story/women-and-bame-individuals-bear-the-brunt-of-cyber-attacks-malwarebytes-research}
}

@misc{spam,
  author       = {Inderscience Publishers},
  title        = {https://www.sciencedaily.com/releases/2014/11/141126111211.htm
},
  url          = {https://www.sciencedaily.com/releases/2014/11/141126111211.htm
}}

@misc{napadi,
  author       = {L. Bo≈°njak},
  title        = {https://www.researchgate.net/publication/326700354\_Brute-force\_and\_dictionary\_attack\_on\_hashed\_real-world\_passwords
},
  url          = {https://www.researchgate.net/publication/326700354\_Brute-force\_and\_dictionary\_attack\_on\_hashed\_real-world\_passwords
}
}

@misc{pew1,
  author       = {Pew Research center},
  title        = {https://www.pewresearch.org/internet/2017/01/26/2-password-management-and-mobile-security/},
  url          = {https://www.pewresearch.org/internet/2017/01/26/2-password-management-and-mobile-security/}
}

@misc{mfa1,
  author       = {onelogin},
  title        = {https://www.onelogin.com/learn/what-is-mfa},
  url          = {https://www.onelogin.com/learn/what-is-mfa}
}

@misc{OTP,
  author       = {onelogin},
  title        = {https://www.onelogin.com/learn/otp-totp-hotp},
  url          = {https://www.onelogin.com/learn/otp-totp-hotp}
}

@misc{adaptive,
  author       = {onelogin},
  title        = {https://www.onelogin.com/learn/what-why-adaptive-authentication},
  url          = {https://www.onelogin.com/learn/what-why-adaptive-authentication}
}

@misc{buttercup,
  author       = {Buttercup},
  title        = {https://buttercup.pw/},
  url          = {https://buttercup.pw/}
}

@misc{keepassxc,
  author       = {KeePassXC},
  title        = {https://keepassxc.org/},
  url          = {https://keepassxc.org/}
}

@misc{bio,
  author       = {onelogin},
  title        = {https://www.onelogin.com/learn/biometric-authentication},
  url          = {https://www.onelogin.com/learn/biometric-authentication}
}

@misc{fingerprint,
  author       = {JONATHAN VANIAN},
  title        = {https://fortune.com/2018/11/28/artificial-intelligence-fingerprints-security/},
  url          = {https://fortune.com/2018/11/28/artificial-intelligence-fingerprints-security/}
}

@misc{newcastle,
  author       = {DailyMail UK},
  title        = {https://www.dailymail.co.uk/news/article-394976/Life-sentence-jealous-husband-hacked-wifes-emails-killed-her.html},
  url          = {https://www.dailymail.co.uk/news/article-394976/Life-sentence-jealous-husband-hacked-wifes-emails-killed-her.html}
}
